
@incollection{levinson2006human,
  title={On the human ‘interactional engine’},
  author={Levinson, Stephen C},
  journal={Roots of human sociality: culture, cognition and interaction},
  editor = {NJ Enfield and SC Levinson},
  pages={39 – 69},
  year={2006},
  chapter = 1,
  publisher={Oxford : Berg}
}

@article{bar2013origins,
  title={Origins of meaning: Must we ‘go Gricean’?},
  author={Bar-on, Dorit},
  journal={Mind \& Language},
  volume={28},
  number={3},
  pages={342--375},
  year={2013},
  publisher={Wiley Online Library}
}

@article{melis2022cooperation,
  title={Cooperation, coordination and communication in great apes},
  author={Melis, Alicia and Rossano, Federico},
  journal={Philosophical Transactions of the Royal Society B: Biological Sciences},
  year={2022}
}

@article{griffiths2006optimal,
  title={Optimal predictions in everyday cognition},
  author={Griffiths, Thomas L and Tenenbaum, Joshua B},
  journal={Psychological Science},
  volume={17},
  number={9},
  pages={767--773},
  year={2006},
  publisher={SAGE Publications Sage CA: Los Angeles, CA}
}

@article{chater1999ten,
  title={Ten years of the rational analysis of cognition},
  author={Chater, Nick and Oaksford, Mike},
  journal={Trends in Cognitive Sciences},
  volume={3},
  number={2},
  pages={57--65},
  year={1999},
  publisher={Elsevier}
}

@article{griffiths2006optimal,
  title={Optimal predictions in everyday cognition},
  author={Griffiths, Thomas L and Tenenbaum, Joshua B},
  journal={Psychological science},
  volume={17},
  number={9},
  pages={767--773},
  year={2006},
  publisher={SAGE Publications Sage CA: Los Angeles, CA}
}

@article{parr2007classifying,
  title={Classifying chimpanzee facial expressions using muscle action.},
  author={Parr, Lisa A and Waller, Bridget M and Vick, Sarah J and Bard, Kim A},
  journal={Emotion},
  volume={7},
  number={1},
  pages={172},
  year={2007},
  publisher={American Psychological Association}
}

@article{ekman1978facial,
  title={Facial action coding system},
  author={Ekman, Paul and Friesen, Wallace V},
  journal={Environmental Psychology \& Nonverbal Behavior},
  year={1978}
}

@article{yuille2006vision,
  title={Vision as Bayesian inference: analysis by synthesis?},
  author={Yuille, Alan and Kersten, Daniel},
  journal={Trends in Cognitive Sciences},
  volume={10},
  number={7},
  pages={301--308},
  year={2006},
  publisher={Elsevier}
}

@article{lieder2020resource,
  title={Resource-rational analysis: Understanding human cognition as the optimal use of limited computational resources},
  author={Lieder, Falk and Griffiths, Thomas L},
  journal={Behavioral and Brain Sciences},
  volume={43},
  year={2020},
  publisher={Cambridge University Press}
}

@article{liebal2018mind,
  title={Mind the gap--moving beyond the dichotomy between intentional gestures and emotional facial and vocal signals of nonhuman primates},
  author={Liebal, Katja and O{\~n}a, Linda},
  journal={Interaction Studies},
  volume={19},
  number={1-2},
  pages={121--135},
  year={2018},
  publisher={John Benjamins}
}

@article{brentari2017language,
  title={Language emergence},
  author={Brentari, Diane and Goldin-Meadow, Susan},
  journal={Annual Review of Linguistics},
  volume={3},
  pages={363--388},
  year={2017},
  publisher={Annual Reviews}
}

@article{dezecache2019orangutans,
  title={Orangutans’ comprehension of zoo keepers’ communicative signals},
  author={Dezecache, Guillaume and Bourgeois, Aude and Bazin, Christophe and Schlenker, Philippe and Chemla, Emmanuel and Maille, Audrey},
  journal={Animals},
  volume={9},
  number={6},
  pages={300},
  year={2019},
  publisher={Multidisciplinary Digital Publishing Institute}
}

@article{bohn2016comprehension,
  title={Comprehension of iconic gestures by chimpanzees and human children},
  author={Bohn, Manuel and Call, Josep and Tomasello, Michael},
  journal={Journal of Experimental Child Psychology},
  volume={142},
  pages={1--17},
  year={2016},
  publisher={Elsevier}
}

@article{tempelmann2013apes,
  title={When apes point the finger: Three great ape species fail to use a conspecific’s imperative pointing gesture},
  author={Tempelmann, Sebastian and Kaminski, Juliane and Liebal, Katja},
  journal={Interaction Studies},
  volume={14},
  number={1},
  pages={7--23},
  year={2013},
  publisher={John Benjamins}
}

@article{tomasello1997comprehension,
  title={Comprehension of novel communicative signs by apes and human children},
  author={Tomasello, Michael and Call, Josep and Gluckman, Andrea},
  journal={Child Development},
  pages={1067--1080},
  year={1997},
  publisher={JSTOR}
}

@article{hare2004chimpanzees,
  title={Chimpanzees are more skilful in competitive than in cooperative cognitive tasks},
  author={Hare, Brian and Tomasello, Michael},
  journal={Animal behaviour},
  volume={68},
  number={3},
  pages={571--581},
  year={2004},
  publisher={Elsevier}
}

@article{herrmann2006apes,
  title={Apes' and children's understanding of cooperative and competitive motives in a communicative situation},
  author={Herrmann, Esther and Tomasello, Michael},
  journal={Developmental Science},
  volume={9},
  number={5},
  pages={518--529},
  year={2006},
  publisher={Wiley Online Library}
}

@article{graham2018bonobo,
  title={Bonobo and chimpanzee gestures overlap extensively in meaning},
  author={Graham, Kirsty E and Hobaiter, Catherine and Ounsley, James and Furuichi, Takeshi and Byrne, Richard W},
  journal={PLOS Biology},
  volume={16},
  number={2},
  pages={e2004825},
  year={2018},
  publisher={Public Library of Science San Francisco, CA USA}
}

@article{hobaiter2014meanings,
  title={The meanings of chimpanzee gestures},
  author={Hobaiter, Catherine and Byrne, Richard W},
  journal={Current Biology},
  volume={24},
  number={14},
  pages={1596--1600},
  year={2014},
  publisher={Elsevier}
}

@article{sterelny2017code,
  title={From code to speaker meaning},
  author={Sterelny, Kim},
  journal={Biology \& Philosophy},
  volume={32},
  number={6},
  pages={819--838},
  year={2017},
  publisher={Springer}
}

@article{wheeler2012functionally,
  title={Functionally referential signals: a promising paradigm whose time has passed},
  author={Wheeler, Brandon C and Fischer, Julia},
  journal={Evolutionary Anthropology: Issues, News, and Reviews},
  volume={21},
  number={5},
  pages={195--205},
  year={2012},
  publisher={Wiley Online Library}
}

@article{smith1965message,
  title={Message, meaning, and context in ethology},
  author={Smith, W John},
  journal={The American Naturalist},
  volume={99},
  number={908},
  pages={405--409},
  year={1965},
  publisher={Science Press}
}

@book{planer2021signal,
  title={From signal to symbol: the evolution of language},
  author={Planer, Ronald and Sterelny, Kim},
  year={2021},
  publisher={MIT Press}
}

@article{font2010animals,
  title={Animals in translation: why there is meaning (but probably no message) in animal communication},
  author={Font, Enrique and Carazo, Pau},
  journal={Animal Behaviour},
  volume={80},
  number={2},
  pages={e1},
  year={2010}
}

@article{fischer2013bioacoustic,
  title={Bioacoustic field research: a primer to acoustic analyses and playback experiments with primates},
  author={Fischer, Julia and Noser, Rahel and Hammerschmidt, Kurt},
  journal={American Journal of Primatology},
  volume={75},
  number={7},
  pages={643--663},
  year={2013},
  publisher={Wiley Online Library}
}

@book{scott2014speaking,
  title={Speaking our minds: Why human communication is different, and how language evolved to make it special},
  author={Scott-Phillips, Thom},
  year={2014},
  publisher={Macmillan International Higher Education}
}

@article{hawkins2021partners,
  title={From partners to populations: A hierarchical Bayesian account of coordination and convention},
  author={Hawkins, Robert D and Franke, Michael and Frank, Michael C and Smith, Kenny and Griffiths, Thomas L and Goodman, Noah D},
  journal={arXiv},
  year={2021}
}

@article{woensdregt2020computational,
  title={A computational model of the cultural co-evolution of language and mindreading},
  author={Woensdregt, Marieke and Cummins, Chris and Smith, Kenny},
  journal={Synthese},
  pages={1--39},
  year={2020},
  publisher={Springer}
}

@article{piantadosi2012communicative,
  title={The communicative function of ambiguity in language},
  author={Piantadosi, Steven T and Tily, Harry and Gibson, Edward},
  journal={Cognition},
  volume={122},
  number={3},
  pages={280--291},
  year={2012},
  publisher={Elsevier}
}

@book{fitch2010evolution,
  title={The evolution of language},
  author={Fitch, W Tecumseh},
  year={2010},
  publisher={Cambridge University Press}
}

@article{moore2015production,
  title={Production and comprehension of gestures between orang-utans (Pongo pygmaeus) in a referential communication game},
  author={Moore, Richard and Call, Josep and Tomasello, Michael},
  journal={PLOS One},
  volume={10},
  number={6},
  pages={e0129726},
  year={2015},
  publisher={Public Library of Science San Francisco, CA USA}
}

@article{slocombe2011language,
  title={The language void: the need for multimodality in primate communication research},
  author={Slocombe, Katie E and Waller, Bridget M and Liebal, Katja},
  journal={Animal Behaviour},
  volume={81},
  number={5},
  pages={919--924},
  year={2011},
  publisher={Elsevier}
}

@article{liebalsublanguage,
  title={The language void 10 years on: Multimodal primate communication research is still uncommon},
  author={Liebal, Katja and Slocombe, Katie E and Waller, Bridget M},
  journal={Ethology Ecology \& Evolution},
  pages={1--14},
  year={2022},
  publisher={Taylor \& Francis}
}

@article{arnold2006semantic,
  title={Semantic combinations in primate calls},
  author={Arnold, Kate and Zuberb{\"u}hler, Klaus},
  journal={Nature},
  volume={441},
  number={7091},
  pages={303--303},
  year={2006},
  publisher={Nature Publishing Group}
}


@article{hobaiter2017wild,
  title={Wild chimpanzees’ use of single and combined vocal and gestural signals},
  author={Hobaiter, C and Byrne, Richard William and Zuberb{\"u}hler, K},
  journal={Behavioral Ecology and Sociobiology},
  volume={71},
  number={6},
  pages={1--13},
  year={2017},
  publisher={Springer}
}

@article{wilke2017production,
  title={Production of and responses to unimodal and multimodal signals in wild chimpanzees, Pan troglodytes schweinfurthii},
  author={Wilke, Claudia and Kavanagh, Eithne and Donnellan, Ed and Waller, Bridget M and Machanda, Zarin P and Slocombe, Katie E},
  journal={Animal Behaviour},
  volume={123},
  pages={305--316},
  year={2017},
  publisher={Elsevier}
}

@article{frohlich2019multimodal,
  title={Multimodal communication and language origins: integrating gestures and vocalizations},
  author={Fr{\"o}hlich, Marlen and Sievers, Christine and Townsend, Simon W and Gruber, Thibaud and van Schaik, Carel P},
  journal={Biological Reviews},
  volume={94},
  number={5},
  pages={1809--1829},
  year={2019},
  publisher={Wiley Online Library}
}

@article{pleyer2017protolanguage,
  title={Protolanguage and mechanisms of meaning construal in interaction},
  author={Pleyer, Michael},
  journal={Language Sciences},
  volume={63},
  pages={69--90},
  year={2017},
  publisher={Elsevier}
}

@article{lyn2010impact,
  title={The impact of environment on the comprehension of declarative communication in apes},
  author={Lyn, Heidi and Russell, Jamie L and Hopkins, William D},
  journal={Psychological Science},
  volume={21},
  number={3},
  pages={360--365},
  year={2010},
  publisher={Sage Publications Sage CA: Los Angeles, CA}
}

@article{mulcahy2009performance,
  title={The performance of bonobos (Pan paniscus), chimpanzees (Pan troglodytes), and orangutans (Pongo pygmaeus) in two versions of an object-choice task.},
  author={Mulcahy, Nicholas J and Call, Josep},
  journal={Journal of Comparative Psychology},
  volume={123},
  number={3},
  pages={304},
  year={2009},
  publisher={American Psychological Association}
}

@article{ruther2020ontogenetic,
  title={Ontogenetic emergence of cognitive reference comprehension},
  author={R{\"u}ther, Johanna and Liszkowski, Ulf},
  journal={Cognitive Science},
  volume={44},
  number={7},
  pages={e12869},
  year={2020},
  publisher={Wiley Online Library}
}

@article{behne2005one,
  title={One-year-olds comprehend the communicative intentions behind gestures in a hiding game},
  author={Behne, Tanya and Carpenter, Malinda and Tomasello, Michael},
  journal={Developmental Science},
  volume={8},
  number={6},
  pages={492--499},
  year={2005},
  publisher={Wiley Online Library}
}

@article{kirchhofer2012dogs,
  title={Dogs (Canis familiaris), but not chimpanzees (Pan troglodytes), understand imperative pointing},
  author={Kirchhofer, Katharina C and Zimmermann, Felizitas and Kaminski, Juliane and Tomasello, Michael},
  journal={PLOS One},
  volume={7},
  number={2},
  pages={e30913},
  year={2012},
  publisher={Public Library of Science San Francisco, USA}
}

@incollection{kegl1999creation,
  author      = "J. Kegl, A. Senghas, M.Coppola",
  title       = "Creation through contact: sign language emergence and sign language change in Nicaragua",
  editor      = "Michel DeGraff",
  booktitle   = "Language Creation and Language Change: Creolization, Diachrony, and Development",
  publisher   = "MIT Press",
  address     = "Cambridge",
  year        = 1999,
  pages       = "179–237",
  chapter     = 7,
}

@article{bohn2019natural,
  title={Natural reference: A phylo-and ontogenetic perspective on the comprehension of iconic gestures and vocalizations},
  author={Bohn, Manuel and Call, Josep and Tomasello, Michael},
  journal={Dev Sci},
  volume={22},
  number={2},
  pages={e12757},
  year={2019},
  publisher={Wiley Online Library}
}

@article{cavicchio2018compositionality,
  title={Compositionality in the language of emotion},
  author={Cavicchio, Federica and Dachkovsky, Svetlana and Leemor, Livnat and Shamay-Tsoory, Simone and Sandler, Wendy},
  journal={PloS ONE},
  volume={13},
  number={8},
  pages={e0201970},
  year={2018},
  publisher={Public Library of Science San Francisco, CA USA}
}

@article{vigliocco2014language,
  title={Language as a multimodal phenomenon: implications for language learning, processing and evolution},
  author={Vigliocco, Gabriella and Perniss, Pamela and Vinson, David},
  journal={Philosophical Transactions of the Royal Society B: Biological Sciences},
  volume={369},
  number={1651},
  pages={20130292},
  year={2014},
  publisher={The Royal Society}
}

@article{holler2019multimodal,
  title={Multimodal language processing in human communication},
  author={Holler, Judith and Levinson, Stephen C},
  journal={Trends in Cognitive Sciences},
  volume={23},
  number={8},
  pages={639--652},
  year={2019},
  publisher={Elsevier}
}

@article{kachel2021young,
  title={Young children’s developing ability to integrate gestural and emotional cues},
  author={Kachel, Gregor and Hardecker, David JK and Bohn, Manuel},
  journal={Journal of Experimental Child Psychology},
  volume={201},
  pages={104984},
  year={2021},
  publisher={Elsevier}
}

@article{bohn2019young,
  title={Young children spontaneously recreate core properties of language in a new modality},
  author={Bohn, Manuel and Kachel, Gregor and Tomasello, Michael},
  journal={Proceedings of the National Academy of Sciences},
  volume={116},
  number={51},
  pages={26072--26077},
  year={2019},
  publisher={National Acad Sciences}
}

@article{senghas2004children,
  title={Children creating core properties of language: Evidence from an emerging sign language in Nicaragua},
  author={Senghas, Ann and Kita, Sotaro and {\"O}zy{\"u}rek, Asli},
  journal={Science},
  volume={305},
  number={5691},
  pages={1779--1782},
  year={2004},
  publisher={American Association for the Advancement of Science}
}

@article{fay2018create,
  title={How to create shared symbols},
  author={Fay, Nicolas and Walker, Bradley and Swoboda, Nik and Garrod, Simon},
  journal={Cog Sci},
  volume={42},
  pages={241--269},
  year={2018},
  publisher={Wiley Online Library}
}

@article{fay2014creating,
  title={Creating a communication system from scratch: gesture beats vocalization hands down},
  author={Fay, Nicolas and Lister, Casey J and Ellison, T Mark and Goldin-Meadow, Susan},
  journal={Frontiers in Psychology},
  volume={5},
  pages={354},
  year={2014},
  publisher={Frontiers}
}

@article{goldin1977development,
  title={The development of language-like communication without a language model},
  author={Goldin-Meadow, Susan and Feldman, Heidi},
  journal={Science},
  volume={197},
  number={4301},
  pages={401--403},
  year={1977},
  publisher={American Association for the Advancement of Science}
}

@article{sandler2005emergence,
  title={The emergence of grammar: Systematic structure in a new language},
  author={Sandler, Wendy and Meir, Irit and Padden, Carol and Aronoff, Mark},
  journal={Proceedings of the National Academy of Sciences},
  volume={102},
  number={7},
  pages={2661--2665},
  year={2005},
  publisher={National Acad Sciences}
}

@article{frank2016using,
  title={Using tablets to collect data from young children},
  author={Frank, Michael C and Sugarman, Elise and Horowitz, Alexandra C and Lewis, Molly L and Yurovsky, Daniel},
  journal={Journal of Cognition and Development},
  volume={17},
  number={1},
  pages={1--17},
  year={2016},
  publisher={Taylor \& Francis}
}

@article{levinson2014origin,
  title={The origin of human multi-modal communication},
  author={Levinson, Stephen C and Holler, Judith},
  journal={Philosophical Transactions of the Royal Society B: Biological Sciences},
  volume={369},
  number={1651},
  pages={20130302},
  year={2014},
  publisher={The Royal Society}
}

@article{kempe2021amount,
  title={Amount of learning and signal stability modulate emergence of structure and iconicity in novel signaling systems},
  author={Kempe, Vera and Gauvrit, Nicolas and Panayotov, Nikolay and Cunningham, Sheila and Tamariz, Monica},
  journal={Cognitive Science},
  volume={45},
  number={11},
  pages={e13057},
  year={2021},
  publisher={Wiley Online Library}
}

@article{lister2021cross,
  title={A Cross-Sectional Test of Sign Creation by Children in the Gesture and Vocal Modalities},
  author={Lister, Casey J and Burtenshaw, Tiarn and Walker, Bradley and Ohan, Jeneva L and Fay, Nicolas},
  journal={Child Development},
  volume={92},
  number={6},
  pages={2395--2412},
  year={2021},
  publisher={Wiley Online Library}
}

@book{trommershauser2011sensory,
  title={Sensory cue integration},
  author={Trommershauser, Julia and Kording, Konrad and Landy, Michael S},
  year={2011},
  publisher={Oxford University Press}
}

@article{bohn_tessler_merrick_frank_2019,
 title={Predicting pragmatic cue integration in adults’ and children’s inferences about novel word meanings},
 author={Bohn, Manuel and Tessler, Michael H and Merrick, Megan and Frank, Michael C},
journal={Journal of Experimental Psychology: General},
 year={2022}
}

@article{townsend2017exorcising,
  title={Exorcising Grice's ghost: An empirical approach to studying intentional communication in animals},
  author={Townsend, Simon W and Koski, Sonja E and Byrne, Richard W and Slocombe, Katie E and Bickel, Balthasar and Boeckle, Markus and Braga Goncalves, Ines and Burkart, Judith M and Flower, Tom and Gaunet, Florence and others},
  journal={Biological Reviews},
  volume={92},
  number={3},
  pages={1427--1433},
  year={2017},
  publisher={Wiley Online Library}
}

@article{heller2016perspective,
  title={Perspective-taking behavior as the probabilistic weighing of multiple domains},
  author={Heller, Daphna and Parisien, Christopher and Stevenson, Suzanne},
  journal={Cognition},
  volume={149},
  pages={104--120},
  year={2016},
  publisher={Elsevier}
}

@article{smith2017multimodal,
  title={The multimodal nature of spoken word processing in the visual world: Testing the predictions of alternative models of multimodal integration},
  author={Smith, Alastair C and Monaghan, Padraic and Huettig, Falk},
  journal={Journal of Memory and Language},
  volume={93},
  pages={276--303},
  year={2017},
  publisher={Elsevier}
}

@article{mcclelland2006there,
  title={Are there interactive processes in speech perception?},
  author={McClelland, James L and Mirman, Daniel and Holt, Lori L},
  journal={Trends in Cognitive Sciences},
  volume={10},
  number={8},
  pages={363--369},
  year={2006},
  publisher={Elsevier}
}

@article{bahrick2000intersensory,
  title={Intersensory redundancy guides attentional selectivity and perceptual learning in infancy.},
  author={Bahrick, Lorraine E and Lickliter, Robert},
  journal={Developmental Psychology},
  volume={36},
  number={2},
  pages={190},
  year={2000},
  publisher={American Psychological Association}
}

@article{fourtassi2020optimal,
  title={How optimal is word recognition under multimodal uncertainty?},
  author={Fourtassi, Abdellah and Frank, Michael C},
  journal={Cognition},
  volume={199},
  pages={104092},
  year={2020},
  publisher={Elsevier}
}

@article{mozuraitis2018modeling,
  title={Modeling reference production as the probabilistic combination of multiple perspectives},
  author={Mozuraitis, Mindaugas and Stevenson, Suzanne and Heller, Daphna},
  journal={Cognitive science},
  volume={42},
  pages={974--1008},
  year={2018},
  publisher={Wiley Online Library}
}

@article{bergen2016pragmatic,
  title={Pragmatic reasoning through semantic inference},
  author={Bergen, Leon and Levy, Roger and Goodman, Noah},
  journal={Semantics and Pragmatics},
  volume={9},
  year={2016}
}


@article{mozuraitis2015privileged,
  title={Privileged versus shared knowledge about object identity in real-time referential processing},
  author={Mozuraitis, Mindaugas and Chambers, Craig G and Daneman, Meredyth},
  journal={Cognition},
  volume={142},
  pages={148--165},
  year={2015},
  publisher={Elsevier}
}

@article{brown2009partner,
  title={Partner-specific interpretation of maintained referential precedents during interactive dialog},
  author={Brown-Schmidt, Sarah},
  journal={Journal of memory and language},
  volume={61},
  number={2},
  pages={171--190},
  year={2009},
  publisher={Elsevier}
}

@article{csibra2009natural,
  title={Natural pedagogy},
  author={Csibra, Gergely and Gergely, Gy{\"o}rgy},
  journal={Trends in Cognitive Sciences},
  volume={13},
  number={4},
  pages={148--153},
  year={2009},
  publisher={Elsevier}
}

@article{bohn2021young,
  title={How young children integrate information sources to infer the meaning of words},
  author={Bohn, Manuel and Tessler, Michael Henry and Merrick, Megan and Frank, Michael C},
  journal={Nature Human Behaviour},
  volume={5},
  number={8},
  pages={1046--1054},
  year={2021},
  publisher={Nature Publishing Group}
}

@article{kuhlen2013language,
  title={Language in dialogue: When confederates might be hazardous to your data},
  author={Kuhlen, Anna K and Brennan, Susan E},
  journal={Psychonomic bulletin \& review},
  volume={20},
  number={1},
  pages={54--72},
  year={2013},
  publisher={Springer}
}

@article{graham2017words,
  title={Words are not enough: how preschoolers’ integration of perspective and emotion informs their referential understanding},
  author={Graham, Susan A and San Juan, Valerie and Khu, Melanie},
  journal={Journal of Child Language},
  volume={44},
  number={3},
  pages={500--526},
  year={2017},
  publisher={Cambridge University Press}
}

@article{matthews2006effect,
  title={The effect of perceptual availability and prior discourse on young children's use of referring expressions},
  author={Matthews, Danielle and Lieven, Elena and Theakston, Anna and Tomasello, Michael},
  journal={Applied Psycholinguistics},
  volume={27},
  number={3},
  pages={403--422},
  year={2006},
  publisher={Cambridge University Press}
}

@article{khu2020preschoolers,
  title={Preschoolers Flexibly Shift Between Speakers' Perspectives During Real-Time Language Comprehension},
  author={Khu, Melanie and Chambers, Craig G and Graham, Susan A},
  journal={Child Development},
  volume={91},
  number={3},
  pages={e619--e634},
  year={2020},
  publisher={Wiley Online Library}
}


@article{nadig2002evidence,
  title={Evidence of perspective-taking constraints in children's on-line reference resolution},
  author={Nadig, Aparna S and Sedivy, Julie C},
  journal={Psychological Science},
  volume={13},
  number={4},
  pages={329--336},
  year={2002},
  publisher={SAGE Publications Sage CA: Los Angeles, CA}
}

@article{nilsen2009preschoolers,
  title={Preschoolers' word mapping: The interplay between labelling context and specificity of speaker information},
  author={Nilsen, Elizabeth S and Graham, Susan A and Pettigrew, Tamara},
  journal={Journal of child language},
  volume={36},
  number={3},
  pages={673--684},
  year={2009},
  publisher={Cambridge University Press}
}

@article{hanna2003effects,
  title={The effects of common ground and perspective on domains of referential interpretation},
  author={Hanna, Joy E and Tanenhaus, Michael K and Trueswell, John C},
  journal={Journal of Memory and Language},
  volume={49},
  number={1},
  pages={43--61},
  year={2003},
  publisher={Elsevier}
}

@article{lee2001mutual,
  title={Mutual knowledge, background knowledge and shared beliefs: Their roles in establishing common ground},
  author={Lee, Benny PH},
  journal={Journal of pragmatics},
  volume={33},
  number={1},
  pages={21--44},
  year={2001},
  publisher={Elsevier}
}


@article{potts2016embedded,
  title={Embedded implicatures as pragmatic inferences under compositional lexical uncertainty},
  author={Potts, Christopher and Lassiter, Daniel and Levy, Roger and Frank, Michael C},
  journal={Journal of Semantics},
  volume={33},
  number={4},
  pages={755--802},
  year={2016},
  publisher={Oxford University Press}
}

@article{cohn2018pragmatically,
  title={Pragmatically informative image captioning with character-level inference},
  author={Cohn-Gordon, Reuben and Goodman, Noah and Potts, Christopher},
  journal={arXiv},
  year={2018}
}

@article{monroe2017colors,
  title={Colors in context: A pragmatic neural model for grounded language understanding},
  author={Monroe, Will and Hawkins, Robert XD and Goodman, Noah D and Potts, Christopher},
  journal={Transactions of the Association for Computational Linguistics},
  volume={5},
  pages={325--338},
  year={2017},
  publisher={MIT Press}
}

@article{ozyurek2007line,
  title={On-line integration of semantic information from speech and gesture: Insights from event-related brain potentials},
  author={{\"O}zy{\"u}rek, Asl{\i} and Willems, Roel M and Kita, Sotaro and Hagoort, Peter},
  journal={Journal of Cognitive Neuroscience},
  volume={19},
  number={4},
  pages={605--616},
  year={2007},
  publisher={MIT Press}
}

@article{hagoort2004integration,
  title={Integration of word meaning and world knowledge in language comprehension},
  author={Hagoort, Peter and Hald, Lea and Bastiaansen, Marcel and Petersson, Karl Magnus},
  journal={Science},
  volume={304},
  number={5669},
  pages={438--441},
  year={2004},
  publisher={American Association for the Advancement of Science}
}

@article{degen2020redundancy,
  title={When redundancy is useful: A Bayesian approach to “overinformative” referring expressions.},
  author={Degen, Judith and Hawkins, Robert D and Graf, Caroline and Kreiss, Elisa and Goodman, Noah D},
  journal={Psychological Review},
  volume={127},
  number={4},
  pages={591},
  year={2020},
  publisher={American Psychological Association}
}

@article{ona2019stepping,
  title={A stepping stone to compositionality in chimpanzee communication},
  author={O{\~n}a, Linda S and Sandler, Wendy and Liebal, Katja},
  journal={PeerJ},
  volume={7},
  pages={e7623},
  year={2019},
  publisher={PeerJ Inc.}
}



@article{arbib2014dyadic,
  title={Dyadic brain modelling, mirror systems and the ontogenetic ritualization of ape gesture},
  author={Arbib, Michael and Ganesh, Varsha and Gasser, Brad},
  journal={Philosophical Transactions of the Royal Society B: Biological Sciences},
  volume={369},
  number={1644},
  pages={20130414},
  year={2014},
  publisher={The Royal Society}
}

@article{gasser2019dyadic,
  title={A dyadic brain model of ape gestural learning, production and representation},
  author={Gasser, Brad and Arbib, Michael},
  journal={Animal Cognition},
  volume={22},
  number={4},
  pages={519--534},
  year={2019},
  publisher={Springer}
}

@article{arbib2016towards,
  title={Towards a computational comparative neuroprimatology: framing the language-ready brain},
  author={Arbib, Michael A},
  journal={Physics of Life Reviews},
  volume={16},
  pages={1--54},
  year={2016},
  publisher={Elsevier}
}

@article{gasser2014ontogenetic,
  title={Ontogenetic ritualization of primate gesture as a case study in dyadic brain modeling},
  author={Gasser, Brad and Cartmill, Erica A and Arbib, Michael A},
  journal={Neuroinformatics},
  volume={12},
  number={1},
  pages={93--109},
  year={2014},
  publisher={Springer}
}

@article{roberts2013communicative,
  title={Communicative intentions in wild chimpanzees: persistence and elaboration in gestural signalling},
  author={Roberts, Anna Ilona and Vick, Sarah-Jane and Buchanan-Smith, Hannah M},
  journal={Animal Cognition},
  volume={16},
  number={2},
  pages={187--196},
  year={2013},
  publisher={Springer}
}

@article{cartmill2007orangutans,
  title={Orangutans modify their gestural signaling according to their audience's comprehension},
  author={Cartmill, Erica A and Byrne, Richard W},
  journal={Current Biology},
  volume={17},
  number={15},
  pages={1345--1348},
  year={2007},
  publisher={Elsevier}
}

@article{schmid2017great,
  title={Great apes are sensitive to prior reliability of an informant in a gaze following task},
  author={Schmid, Benjamin and Karg, Katja and Perner, Josef and Tomasello, Michael},
  journal={PLOS One},
  volume={12},
  number={11},
  pages={e0187451},
  year={2017},
  publisher={Public Library of Science San Francisco, CA USA}
}

@book{call2007gestural,
  title={The gestural communication of apes and monkeys},
  author={Call, Josep and Tomasello, Michael},
  year={2007},
  publisher={New York: Lawrence Erlbaum Associates}
}

@article{poss2006differential,
  title={Differential use of attentional and visual communicative signaling by orangutans (Pongo pygmaeus) and gorillas (Gorilla gorilla) in response to the attentional status of a human},
  author={Poss, Sarah R and Kuhar, Chris and Stoinski, Tara S and Hopkins, William D},
  journal={American Journal of Primatology},
  volume={68},
  number={10},
  pages={978--992},
  year={2006},
  publisher={Wiley Online Library}
}

@article{altmann1965sociobiology,
  title={Sociobiology of rhesus monkeys. II: Stochastics of social communication},
  author={Altmann, Stuart A},
  journal={Journal of Theoretical Biology},
  volume={8},
  number={3},
  pages={490--522},
  year={1965},
  publisher={Elsevier}
}

@article{liebal2006gestural,
  title={Gestural communication of orangutans (Pongo pygmaeus)},
  author={Liebal, Katja and Pika, Simone and Tomasello, Michael},
  journal={Gesture},
  volume={6},
  number={1},
  pages={1--38},
  year={2006},
  publisher={John Benjamins}
}

@book{enfield2009anatomy,
  title={The anatomy of meaning: Speech, gesture, and composite utterances},
  author={Enfield, Nicholas J},
  number={8},
  year={2009},
  publisher={Cambridge University Press}
}

@article{crockford2017vocalizing,
  title={Vocalizing in chimpanzees is influenced by social-cognitive processes},
  author={Crockford, Catherine and Wittig, Roman and Zuberb{\"u}hler, Klaus},
  journal={Science Advances},
  volume={3},
  number={11},
  year={2017},
  publisher={American Association for the Advancement of Science}
}

@article{crockford2012wild,
  title={Wild chimpanzees inform ignorant group members of danger},
  author={Crockford, Catherine and Wittig, Roman and Mundry, Roger and Zuberb{\"u}hler, Klaus},
  journal={Current Biology},
  volume={22},
  number={2},
  pages={142--146},
  year={2012},
  publisher={Elsevier}
}

@article{kamide2003integration,
  title={Integration of syntactic and semantic information in predictive processing: Cross-linguistic evidence from German and English},
  author={Kamide, Yuki and Scheepers, Christoph and Altmann, Gerry TM},
  journal={Journal of Psycholinguistic Research},
  volume={32},
  number={1},
  pages={37--55},
  year={2003},
  publisher={Springer}
}

@article{leavens2005intentionality,
  title={Intentionality as measured in the persistence and elaboration of communication by chimpanzees (Pan troglodytes)},
  author={Leavens, David A and Russell, Jamie L and Hopkins, William D},
  journal={Child Development},
  volume={76},
  number={1},
  pages={291--306},
  year={2005},
  publisher={Wiley Online Library}
}

@book{liebal2014primate,
  title={Primate communication: a multimodal approach},
  author={Liebal, Katja and Waller, Bridget M and Burrows, Anne M and Slocombe, Katie E},
  year={2014},
  publisher={Cambridge University Press}
}

@book{bates1979emergence,
  title={The emergence of symbols: Cognition and communication in infancy},
  author={Bates, E and Benigni, L and Bretherton, I and Camaioni, L and Volterra, V},
  year={1979},
  publisher={ New York: Academic Press}
}

@inproceedings{wang2016learning,
  title={Learning language games through interaction},
  author={Wang, Sida and Liang, Percy and Manning, Christopher D},
  booktitle={54th Annual Meeting of the Association for Computational Linguistics, ACL 2016},
  pages={2368--2378},
  year={2016},
  organization={Association for Computational Linguistics (ACL)}
}

@article{tanenhaus1995integration,
  title={Integration of visual and linguistic information in spoken language comprehension},
  author={Tanenhaus, Michael K and Spivey-Knowlton, Michael J and Eberhard, Kathleen M and Sedivy, Julie C},
  journal={Science},
  volume={268},
  number={5217},
  pages={1632--1634},
  year={1995},
  publisher={American Association for the Advancement of Science}
}

@article{bohn_le_peloquin_koymen_frank_2020,
  title={Children's interpretation of ambiguous pronouns based on prior discourse},
  author={Bohn, Manuel and Le, Khuyen Nha and Peloquin, Benjamin and K{\"o}ymen, Bahar and Frank, Michael C},
  journal={Developmental science},
  volume={24},
  number={3},
  pages={e13049},
  year={2021},
  publisher={Wiley Online Library}
}

@article{su2015interpretation,
  title={Interpretation of logical words in Mandarin-speaking children with autism spectrum disorders: Uncovering knowledge of semantics and pragmatics},
  author={Su, Yi Esther and Su, Lin-Yan},
  journal={Journal of Autism and Developmental Disorders},
  volume={45},
  number={7},
  pages={1938--1950},
  year={2015},
  publisher={Springer}
}

@article{zhao2021development,
  title={The development of quantity implicatures in mandarin-speaking children},
  author={Zhao, Shuyan and Ren, Jie and Frank, Michael C and Zhou, Peng},
  journal={Language Learning and Development},
  pages={1--23},
  year={2021},
  publisher={Taylor \& Francis}
}

@article{fortier2018ad,
  title={Ad-hoc pragmatic implicatures among Shipibo-Konibo children in the Peruvian Amazon},
  author={Fortier, Martin and Kellier, Danielle and Flecha, Maria Fern{\'a}ndez and Frank, Michael C},
  year={2018},
  publisher={PsyArXiv}
}

@article{de2010computer,
  title={Computer models of vocal tract evolution: An overview and critique},
  author={De Boer, Bart and Tecumseh Fitch, W},
  journal={Adaptive Behavior},
  volume={18},
  number={1},
  pages={36--47},
  year={2010},
  publisher={SAGE Publications Sage UK: London, England}
}

@article{riede2005vocal,
  title={Vocal production mechanisms in a non-human primate: morphological data and a model},
  author={Riede, Tobias and Bronson, Ellen and Hatzikirou, Haralambos and Zuberb{\"u}hler, Klaus},
  journal={Journal of Human Evolution},
  volume={48},
  number={1},
  pages={85--96},
  year={2005},
  publisher={Elsevier}
}

@article{akhtar1996role,
  title={The role of discourse novelty in early word learning},
  author={Akhtar, Nameera and Carpenter, Malinda and Tomasello, Michael},
  journal={Child Development},
  volume={67},
  number={2},
  pages={635--645},
  year={1996},
  publisher={Wiley Online Library}
}

@article{yoon2019role,
  title={The role of salience in young children’s processing of ad hoc implicatures},
  author={Yoon, Erica J and Frank, Michael C},
  journal={Journal of Experimental Child Psychology},
  volume={186},
  pages={99--116},
  year={2019},
  publisher={Elsevier}
}

@article{yoon2020polite,
  title={Polite speech emerges from competing social goals},
  author={Yoon, Erica J and Tessler, Michael Henry and Goodman, Noah D and Frank, Michael C},
  journal={Open Mind},
  volume={4},
  pages={71--87},
  year={2020},
  publisher={MIT Press}
}

@article{skordos2016children,
  title={Children’s derivation of scalar implicatures: Alternatives and relevance},
  author={Skordos, Dimitrios and Papafragou, Anna},
  journal={Cognition},
  volume={153},
  pages={6--18},
  year={2016},
  publisher={Elsevier}
}

@article{horowitz2018trouble,
  title={The trouble with quantifiers: Exploring children's deficits in scalar implicature},
  author={Horowitz, Alexandra C and Schneider, Rose M and Frank, Michael C},
  journal={Child Development},
  volume={89},
  number={6},
  pages={e572--e593},
  year={2018},
  publisher={Wiley Online Library}
}


@article{noveck2001children,
  title={When children are more logical than adults: Experimental investigations of scalar implicature},
  author={Noveck, Ira A},
  journal={Cognition},
  volume={78},
  number={2},
  pages={165--188},
  year={2001},
  publisher={Elsevier}
}

@article{o2001two,
  title={Two-year-old children's sensitivity to the referential (in) efficacy of their own pointing gestures},
  author={O'Neill, Daniela K and Topolovec, Jane C},
  journal={Journal of Child Language},
  volume={28},
  number={1},
  pages={1--28},
  year={2001},
  publisher={Cambridge University Press}
}

@article{margiotoudi2022bo,
  title={Bo-NO-bouba-kiki: picture-word mapping but no spontaneous sound symbolic speech-shape mapping in a language trained bonobo},
  author={Margiotoudi, Konstantina and Bohn, Manuel and Schwob, Natalie and Taglialatela, Jared and Pulverm{\"u}ller, Friedemann and Epping, Amanda and Schweller, Ken and Allritz, Matthias},
  journal={Proceedings of the Royal Society B},
  volume={289},
  number={1968},
  pages={20211717},
  year={2022},
  publisher={The Royal Society}
}

@article{vouloumanos2012twelve,
  title={Twelve-month-old infants recognize that speech can communicate unobservable intentions},
  author={Vouloumanos, Athena and Onishi, Kristine H and Pogue, Amanda},
  journal={Proceedings of the National Academy of Sciences},
  volume={109},
  number={32},
  pages={12933--12937},
  year={2012},
  publisher={National Acad Sciences}
}

@article{bohn2019pervasive,
  title={The pervasive role of pragmatics in early language},
  journal={Annual Review of Developmental Psychology},
  author={Bohn, Manuel and Frank, Michael C.},
journal = {Annual Review of Developmental Psychology},
volume = {1},
number = {1},
pages = {223-249},
year = {2019}
}


@article{goodman2013knowledge,
  title={Knowledge and implicature: Modeling language understanding as social cognition},
  author={Goodman, Noah D and Stuhlm{\"u}ller, Andreas},
  journal={Topics in Cognitive Science},
  volume={5},
  number={1},
  pages={173--184},
  year={2013},
  publisher={Wiley Online Library}
}

@article{kao2014nonliteral,
  title={Nonliteral understanding of number words},
  author={Kao, Justine T and Wu, Jean Y and Bergen, Leon and Goodman, Noah D},
  journal={Proceedings of the National Academy of Sciences},
  volume={111},
  number={33},
  pages={12002--12007},
  year={2014},
  publisher={National Acad Sciences}
}

@article{lassiter2017adjectival,
  title={Adjectival vagueness in a Bayesian model of interpretation},
  author={Lassiter, Daniel and Goodman, Noah D},
  journal={Synthese},
  volume={194},
  number={10},
  pages={3801--3836},
  year={2017},
  publisher={Springer}
}

@article{fedurek2011primate,
  title={Primate vocal communication: a useful tool for understanding human speech and language evolution?},
  author={Fedurek, Pawel and Slocombe, Katie E},
  journal={Human Biology},
  volume={83},
  number={2},
  pages={153--173},
  year={2011},
  publisher={BioOne}
}

@book{boe2017origins,
  title={Origins of human language: Continuities and discontinuities with nonhuman primates},
  author={Bo{\"e}, Louis-Jean and Fagot, Jo{\"e}l and Perrier, Pascal and Schwartz, Jean-Luc},
  year={2017},
  publisher={Peter Lang International Academic Publishers}
}

@article{bohn2020learning,
  title={Learning novel skills from iconic gestures: a developmental and evolutionary perspective},
  author={Bohn, Manuel and Kordt, Clara and Braun, Maren and Call, Josep and Tomasello, Michael},
  journal={Psychological Science},
  volume={31},
  number={7},
  pages={873--880},
  year={2020},
  publisher={Sage Publications Sage CA: Los Angeles, CA}
}

@article{zuberbuhler2005phylogenetic,
  title={The phylogenetic roots of language: evidence from primate communication and cognition},
  author={Zuberb{\"u}hler, Klaus},
  journal={Current Directions in Psychological Science},
  volume={14},
  number={3},
  pages={126--130},
  year={2005},
  publisher={SAGE Publications Sage CA: Los Angeles, CA}
}

@article{arbib2008primate,
  title={Primate vocalization, gesture, and the evolution of human language},
  author={Arbib, Michael A and Liebal, Katja and Pika, Simone},
  journal={Current Anthropology},
  volume={49},
  number={6},
  pages={1053--1076},
  year={2008},
  publisher={The University of Chicago Press}
}

@article{tessler2019language,
  title={The language of generalization.},
  author={Tessler, Michael Henry and Goodman, Noah D},
  journal={Psychological Review},
  volume={126},
  number={3},
  pages={395},
  year={2019},
  publisher={American Psychological Association}
}

@inproceedings{tessler2017warm,
  title={Warm (for winter): Comparison class understanding in vague language},
  author={Tessler, Michael Henry and Lopez-Brau, Michael and Goodman, Noah D},
  booktitle={Proceedings of the 39th Annual Conference of the
                  Cognitive Science Society},
  year={2017}
}

@inproceedings{degen2015wonky,
  title={Wonky worlds: Listeners revise world knowledge when utterances are odd.},
  author={Degen, Judith and Tessler, Michael Henry and Goodman, Noah D},
  booktitle={Proceedings of the 37th Annual Conference of the Cognitive Science Society},
  year={2015}
}

@book{levinson2000presumptive,
  title={Presumptive meanings: The theory of generalized conversational implicature},
  author={Levinson, Stephen C},
  year={2000},
  publisher={Cambridge, MA: MIT press}
}

@book{clark2009first,
  title={First language acquisition},
  author={Clark, Eve V},
  year={2009},
  publisher={Cambridge: Cambridge University Press}
}

@inproceedings{arkel2020simple,
  title={A simple repair mechanism can alleviate computational demands of pragmatic reasoning: Simulations and complexity analysis},
  author={Arkel, J van and Woensdregt, MS and Dingemanse, M and Blokpoel, M},
  booktitle={Proceedings of the 24th Conference on Computational Natural Language Learning},
  pages={177--194},
  year={2020},
  organization={Sl: Association for Computational Linguistics}
}


@incollection{clark2015common,
  title={Common Ground},
  author={Clark, Eve V},
  journal={The handbook of language emergence},
  editor  = {B MacWhinney and W O'Grady},
  volume={87},
  pages={328--353},
  year={2015},
  chapter = 15,
  publisher={John Wiley \& Sons}
}


@article{bohn2018common,
  title={Common ground and development},
  author={Bohn, Manuel and K{\"o}ymen, Bahar},
  journal={Child Development Perspectives},
  volume={12},
  number={2},
  pages={104--108},
  year={2018},
  publisher={Wiley Online Library}
}

@article{barner2011accessing,
  title={Accessing the unsaid: The role of scalar alternatives in children’s pragmatic inference},
  author={Barner, David and Brooks, Neon and Bale, Alan},
  journal={Cognition},
  volume={118},
  number={1},
  pages={84--93},
  year={2011},
  publisher={Elsevier}
}

@article{sullivan2019discourse,
  title={Discourse coherence as a cue to reference in word learning: Evidence for discourse bootstrapping},
  author={Sullivan, Jessica and Boucher, Juliana and Kiefer, Reina J and Williams, Katherine and Barner, David},
  journal={Cognitive Science},
  volume={43},
  number={1},
  pages={e12702},
  year={2019},
  publisher={Wiley Online Library}
}

@article{saylor2009preschoolers,
  title={Preschoolers use speakers’ preferences to learn words},
  author={Saylor, Megan M and Sabbagh, Mark A and Fortuna, Alexandra and Troseth, Georgene},
  journal={Cognitive Development},
  volume={24},
  number={2},
  pages={125--132},
  year={2009},
  publisher={Elsevier}
}


@article{fazly2010probabilistic,
  title={A probabilistic computational model of cross-situational word learning},
  author={Fazly, Afsaneh and Alishahi, Afra and Stevenson, Suzanne},
  journal={Cognitive Science},
  volume={34},
  number={6},
  pages={1017--1063},
  year={2010},
  publisher={Wiley Online Library}
}

@article{frank2009using,
  title={Using speakers' referential intentions to model early cross-situational word learning},
  author={Frank, Michael C and Goodman, Noah D and Tenenbaum, Joshua B},
  journal={Psychological Science},
  volume={20},
  number={5},
  pages={578--585},
  year={2009},
  publisher={SAGE Publications Sage CA: Los Angeles, CA}
}

@book{lee2014bayesian,
  title={Bayesian cognitive modeling: A practical course},
  author={Lee, Michael D and Wagenmakers, Eric-Jan},
  year={2014},
  publisher={Cambridge University Press}
}

@article{xu2007word,
  title={Word learning as Bayesian inference.},
  author={Xu, Fei and Tenenbaum, Joshua B},
  journal={Psychological review},
  volume={114},
  number={2},
  pages={245},
  year={2007},
  publisher={American Psychological Association}
}

@article{gagliardi2017modeling,
  title={Modeling statistical insensitivity: Sources of suboptimal behavior},
  author={Gagliardi, Annie and Feldman, Naomi H and Lidz, Jeffrey},
  journal={Cognitive Science},
  volume={41},
  number={1},
  pages={188--217},
  year={2017},
  publisher={Wiley Online Library}
}

@inproceedings{savinelli2017modeling,
  title={Modeling scope ambiguity resolution as pragmatic inference: Formalizing differences in child and adult behavior.},
  author={Savinelli, K and Scontras, G and Pearl, L},
  booktitle={Proceedings of the 39th Annual Conference of the Cognitive Science Society},
  year={2017}
}

 @book{grice1991studies,
  title={Studies in the way of words},
  author={Grice, H Paul},
  year={1991},
  publisher={Cambridge, MA: Harvard University Press}
}

@article{frank2014inferring,
  title={Inferring word meanings by assuming that speakers are informative},
  author={Frank, Michael C and Goodman, Noah D},
  journal={Cognitive psychology},
  volume={75},
  pages={80--96},
  year={2014},
  publisher={Elsevier}
}

@article{frank2012predicting,
  title={Predicting pragmatic reasoning in language games},
  author={Frank, Michael C and Goodman, Noah D},
  journal={Science},
  volume={336},
  number={6084},
  pages={998--998},
  year={2012},
  publisher={American Association for the Advancement of Science}
}


@article{goodman2013knowledge,
  title={Knowledge and implicature: Modeling language understanding as social cognition},
  author={Goodman, Noah D and Stuhlm{\"u}ller, Andreas},
  journal={Topics in cognitive science},
  volume={5},
  number={1},
  pages={173--184},
  year={2013},
  publisher={Wiley Online Library}
}

@article{goodman2016pragmatic,
  title={Pragmatic language interpretation as probabilistic inference},
  author={Goodman, Noah D and Frank, Michael C},
  journal={Trends in Cognitive Sciences},
  volume={20},
  number={11},
  pages={818--829},
  year={2016},
  publisher={Elsevier}
}

@article{itakura1996exploratory,
  title={An exploratory study of gaze-monitoring in nonhuman primates 1},
  author={Itakura, Shoji},
  journal={Japanese Psychological Research},
  volume={38},
  number={3},
  pages={174--180},
  year={1996},
  publisher={Wiley Online Library}
}

@book{bruner1983child,
  title={Child's talk: Learning to use language},
  author={Bruner, Jerome},
  year={1983},
  publisher={New York: Norton}
}

@article{grosse201021,
  title={21-Month-olds understand the cooperative logic of requests},
  author={Grosse, Gerlind and Moll, Henrike and Tomasello, Michael},
  journal={Journal of Pragmatics},
  volume={42},
  number={12},
  pages={3377--3383},
  year={2010},
  publisher={Elsevier}
}


@article{ganea2007infants,
  title={Infants' use of shared linguistic information to clarify ambiguous requests},
  author={Ganea, Patricia A and Saylor, Megan M},
  journal={Child Development},
  volume={78},
  number={2},
  pages={493--502},
  year={2007},
  publisher={Wiley Online Library}
}

@book{tomasello2009constructing,
  title={Constructing a language},
  author={Tomasello, Michael},
  year={2009},
  publisher={Cambridge, MA: Harvard University Press}
}

@book{clark1996using,
  title={Using language},
  author={Clark, Herbert H},
  year={1996},
  publisher={Cambridge: Cambridge University Press}
}
@article{grice1957meaning,
  title={Meaning},
  author={Grice, H Paul},
  journal={The philosophical review},
  volume={66},
  number={3},
  pages={377--388},
  year={1957},
  publisher={JSTOR}
}
@book{sperber2001relevance,
  title={Relevance: Communication and cognition},
  author={Sperber, Dan and Wilson, Deirdre},
  edition  = 2,
  year={2001},
  publisher={Cambridge, MA: Blackwell Publishers}
}
@book{tomasello2008origins,
  title={Origins of human communication},
  author={Tomasello, Michael},
  year={2008},
  publisher={Cambridge, MA: MIT press}
}


@book{marr1982vision,
  author = {Marr, David},
  publisher = {San Francisco, CA: W.H. Freeman},
  title = {Vision: A Computational Investigation into the Human Representation and Processing of Visual Information},
  year = 1982
}


@article{diesendruck2004two,
  title={Two-year-olds’ sensitivity to speakers’ intent: an alternative account of Samuelson and Smith},
  author={Diesendruck, Gil and Markson, Lori and Akhtar, Nameera and Reudor, Ayelet},
  journal={Developmental Science},
  volume={7},
  number={1},
  pages={33--41},
  year={2004},
  publisher={Wiley Online Library}
}

@incollection{landy2011ideal,
  title={Ideal-observer models of cue integration},
  author={Landy, Michael S and Banks, Martin S and Knill, David C},
  journal={Sensory cue integration},
  editor  = {C Moore and Philip J Dunham},
  pages={5–29},
  year={2011},
  publisher={Oxford University Press}
}

@article{moore2015two,
  title={Two-year-old children but not domestic dogs understand communicative intentions without language, gestures, or gaze},
  author={Moore, Richard and Mueller, Bettina and Kaminski, Juliane and Tomasello, Michael},
  journal={Developmental Science},
  volume={18},
  number={2},
  pages={232--242},
  year={2015},
  publisher={Wiley Online Library}
}

@article{ernst2002humans,
  title={Humans integrate visual and haptic information in a statistically optimal fashion},
  author={Ernst, Marc O and Banks, Martin S},
  journal={Nature},
  volume={415},
  number={6870},
  pages={429},
  year={2002},
  publisher={Nature Publishing Group}
}

@article{horst2011s,
  title={What’s new? Children prefer novelty in referent selection},
  author={Horst, Jessica S and Samuelson, Larissa K and Kucker, Sarah C and McMurray, Bob},
  journal={Cognition},
  volume={118},
  number={2},
  pages={234--244},
  year={2011},
  publisher={Elsevier}
}


@article{behne2005one,
  title={One-year-olds comprehend the communicative intentions behind gestures in a hiding game},
  author={Behne, Tanya and Carpenter, Malinda and Tomasello, Michael},
  journal={Developmental Science},
  volume={8},
  number={6},
  pages={492--499},
  year={2005},
  publisher={Wiley Online Library}
}

@article{bohn2019natural,
  title={Natural reference: A phylo-and ontogenetic perspective on the comprehension of iconic gestures and vocalizations},
  author={Bohn, Manuel and Call, Josep and Tomasello, Michael},
  journal={Developmental Science},
  volume={22},
  number={2},
  pages={e12757},
  year={2019},
  publisher={Wiley Online Library}
}

@article{bohn2018social,
  title={The social-cognitive basis of infants’ reference to absent entities},
  author={Bohn, Manuel and Zimmermann, Luise and Call, Josep and Tomasello, Michael},
  journal={Cognition},
  volume={177},
  pages={41--48},
  year={2018},
  publisher={Elsevier}
}

@article{saylor2011s,
  title={What’s mine is mine: twelve-month-olds use possessive pronouns to identify referents},
  author={Saylor, Megan M and Ganea, Patricia A and V{\'a}zquez, Maria D},
  journal={Developmental Science},
  volume={14},
  number={4},
  pages={859--864},
  year={2011},
  publisher={Wiley Online Library}
}

@article{stiller2015ad,
  title={Ad-hoc implicature in preschool children},
  author={Stiller, Alex J and Goodman, Noah D and Frank, Michael C},
  journal={Language Learning and Development},
  volume={11},
  number={2},
  pages={176--190},
  year={2015},
  publisher={Taylor \& Francis}
}

 @article{markman1988children,
  title={Children's use of mutual exclusivity to constrain the meanings of words},
  author={Markman, Ellen M and Wachtel, Gwyn F},
  journal={Cognitive psychology},
  volume={20},
  number={2},
  pages={121--157},
  year={1988},
  publisher={Elsevier}
}

@article{gleitman1990structural,
  title={The structural sources of verb meanings},
  author={Gleitman, Lila},
  journal={Language acquisition},
  volume={1},
  number={1},
  pages={3--55},
  year={1990},
  publisher={Taylor \& Francis}
}


@incollection{clark1973s,
  title={What's in a word? On the child's acquisition of semantics in his first language},
  author={Clark, Eve V},
  booktitle={Cognitive development and acquisition of language},
  pages={65--110},
  year={1973},
  editor =	 {T. Moore},
  publisher={Academic Press},
  address =	 {New York}
}

@article{abend2017bootstrapping,
  title={Bootstrapping language acquisition},
  author={Abend, Omri and Kwiatkowski, Tom and Smith, Nathaniel J and Goldwater, Sharon and Steedman, Mark},
  journal={Cognition},
  volume={164},
  pages={116--143},
  year={2017},
  publisher={Elsevier}
}


@misc{dippl,
  title = {{The design and implementation of probabilistic programming languages}},
  author = {Goodman, Noah D and Stuhlm\"{u}ller, Andreas},
  year = {2014},
  howpublished = {\url{http://dippl.org}},
  note = {Accessed: 2019-3-29}
}

@Manual{R-rwebppl,
  title = {rwebppl: R Interface to WebPPL},
  year = {2019},
  author = {Mika Braginsky and Michael Henry Tessler and Robert Hawkins},
  note = {R package version 0.1.996},
  url = {https://github.com/mhtess/rwebppl},
}

@Article{R-lme4,
  title = {Fitting Linear Mixed-Effects Models Using {lme4}},
  author = {Douglas Bates and Martin M{\"a}chler and Ben Bolker and Steve Walker},
  journal = {Journal of Statistical Software},
  year = {2015},
  volume = {67},
  number = {1},
  pages = {1--48},
  doi = {10.18637/jss.v067.i01},
}


@Manual{R-base,
  title = {R: A Language and Environment for Statistical Computing},
  author = {{R Core Team}},
  organization = {R Foundation for Statistical Computing},
  address = {Vienna, Austria},
  year = {2018},
  }

@InProceedings{ChalnickBillman1988a,
  author =	 {A. Chalnick and D. Billman},
  title =	 {Unsupervised learning of correlational structure},
  booktitle =	 {Proceedings of the Tenth Annual Conference of the
                  Cognitive Science Society},
  pages =	 {510--516},
  year =	 1988,
  address =	 {Hillsdale, NJ},
  publisher =	 {Lawrence Erlbaum Associates}
}

@InCollection{Feigenbaum1963a,
  author =	 {E. A. Feigenbaum},
  title =	 {The simulation of verbal learning behavior},
  booktitle =	 {Computers and thought},
  publisher =	 {McGraw-Hill},
  year =	 1963,
  editor =	 {E. A. Feigenbaum and J. Feldman},
  address =	 {New York}
}

@Article{Hill1983a,
  author =	 {J. A. C. Hill},
  title =	 {A computational model of language acquisition in the
                  two-year old},
  journal =	 {Cognition and Brain Theory},
  year =	 1983,
  volume =	 6,
  pages =	 {287--317}
}

@TechReport{OhlssonLangley1985a,
  author =	 {S. Ohlsson and P. Langley},
  title =	 {Identifying solution paths in cognitive diagnosis},
  institution =	 {Carnegie Mellon University, The Robotics Institute},
  year =	 1985,
  address =	 {Pittsburgh, PA},
  number =	 {CMU-RI-TR-85-2}
}

@PhdThesis{Lewis1978a,
  author =	 {C. Lewis},
  title =	 {Production system models of practice effects},
  school =	 {Department of Psychology, University of Michigan,
                  Ann Arbor},
  year =	 1978,
  type =	 {Doctoral dissertation}
}

@Book{NewellSimon1972a,
  author =	 {A. Newell and H. A. Simon},
  title =	 {Human problem solving},
  publisher =	 {Prentice-Hall},
  year =	 1972,
  address =	 {Englewood Cliffs, NJ}
}

@Book{ShragerLangley1990a,
  editor =	 {J. Shrager and P. Langley},
  title =	 {Computational models of scientific discovery and
                  theory formation},
  publisher =	 {Morgan Kaufmann},
  year =	 1990,
  address =	 {San Mateo, CA}
}

@Manual{R-base,
  title = {R: A Language and Environment for Statistical Computing},
  author = {{R Core Team}},
  organization = {R Foundation for Statistical Computing},
  address = {Vienna, Austria},
  year = {2018},
  url = {https://www.R-project.org/},
}
@Manual{R-broom,
  title = {broom: Convert Statistical Analysis Objects into Tidy Tibbles},
  author = {David Robinson and Alex Hayes},
  year = {2018},
  note = {R package version 0.5.0},
  url = {https://CRAN.R-project.org/package=broom},
}
@Article{R-coda,
  title = {CODA: Convergence Diagnosis and Output Analysis for MCMC},
  author = {Martyn Plummer and Nicky Best and Kate Cowles and Karen Vines},
  journal = {R News},
  year = {2006},
  volume = {6},
  number = {1},
  pages = {7--11},
  url = {https://journal.r-project.org/archive/},
  pdf = {https://www.r-project.org/doc/Rnews/Rnews_2006-1.pdf},
}
@Manual{R-dplyr,
  title = {dplyr: A Grammar of Data Manipulation},
  author = {Hadley Wickham and Romain François and Lionel Henry and Kirill Müller},
  year = {2019},
  note = {R package version 0.8.0.1},
  url = {https://CRAN.R-project.org/package=dplyr},
}
@Manual{R-forcats,
  title = {forcats: Tools for Working with Categorical Variables (Factors)},
  author = {Hadley Wickham},
  year = {2019},
  note = {R package version 0.4.0},
  url = {https://CRAN.R-project.org/package=forcats},
}
@Book{R-ggplot2,
  author = {Hadley Wickham},
  title = {ggplot2: Elegant Graphics for Data Analysis},
  publisher = {Springer-Verlag New York},
  year = {2016},
  isbn = {978-3-319-24277-4},
  url = {http://ggplot2.org},
}
@Manual{R-ggthemes,
  title = {ggthemes: Extra Themes, Scales and Geoms for 'ggplot2'},
  author = {Jeffrey B. Arnold},
  year = {2019},
  note = {R package version 4.1.0},
  url = {https://CRAN.R-project.org/package=ggthemes},
}
@Book{R-knitr,
  title = {Dynamic Documents with {R} and knitr},
  author = {Yihui Xie},
  publisher = {Chapman and Hall/CRC},
  address = {Boca Raton, Florida},
  year = {2015},
  edition = {2nd},
  note = {ISBN 978-1498716963},
  url = {https://yihui.name/knitr/},
}
@Manual{R-langcog,
  title = {langcog: Language and Cognition Lab Things},
  author = {Mika Braginsky and Dan Yurovsky and Michael Frank},
  note = {R package version 0.1.9001},
  url = {http://github.com/langcog/langcog},
}
@Article{R-lme4,
  title = {Fitting Linear Mixed-Effects Models Using {lme4}},
  author = {Douglas Bates and Martin M{\"a}chler and Ben Bolker and Steve Walker},
  journal = {Journal of Statistical Software},
  year = {2015},
  volume = {67},
  number = {1},
  pages = {1--48},
  doi = {10.18637/jss.v067.i01},
}
@Manual{R-Matrix,
  title = {Matrix: Sparse and Dense Matrix Classes and Methods},
  author = {Douglas Bates and Martin Maechler},
  year = {2018},
  note = {R package version 1.2-14},
  url = {https://CRAN.R-project.org/package=Matrix},
}
@Manual{R-matrixStats,
  title = {matrixStats: Functions that Apply to Rows and Columns of Matrices (and to
Vectors)},
  author = {Henrik Bengtsson},
  year = {2018},
  note = {R package version 0.54.0},
  url = {https://CRAN.R-project.org/package=matrixStats},
}
@Manual{R-papaja,
  author = {Frederik Aust and Marius Barth},
  title = {{papaja}: {Create} {APA} manuscripts with {R Markdown}},
  year = {2018},
  note = {R package version 0.1.0.9709},
  url = {https://github.com/crsh/papaja},
}
@Manual{R-purrr,
  title = {purrr: Functional Programming Tools},
  author = {Lionel Henry and Hadley Wickham},
  year = {2019},
  note = {R package version 0.3.1},
  url = {https://CRAN.R-project.org/package=purrr},
}
@Manual{R-readr,
  title = {readr: Read Rectangular Text Data},
  author = {Hadley Wickham and Jim Hester and Romain Francois},
  year = {2018},
  note = {R package version 1.3.1},
  url = {https://CRAN.R-project.org/package=readr},
}
@Manual{R-readxl,
  title = {readxl: Read Excel Files},
  author = {Hadley Wickham and Jennifer Bryan},
  year = {2018},
  note = {R package version 1.1.0},
  url = {https://CRAN.R-project.org/package=readxl},
}
@Manual{R-rwebppl,
  title = {rwebppl: R Interface to WebPPL},
  author = {Mika Braginsky and Michael Henry Tessler and Robert Hawkins},
  note = {R package version 0.1.996},
  url = {https://github.com/mhtess/rwebppl},
}
@Manual{R-stringr,
  title = {stringr: Simple, Consistent Wrappers for Common String Operations},
  author = {Hadley Wickham},
  year = {2019},
  note = {R package version 1.4.0},
  url = {https://CRAN.R-project.org/package=stringr},
}
@Manual{R-tibble,
  title = {tibble: Simple Data Frames},
  author = {Kirill Müller and Hadley Wickham},
  year = {2019},
  note = {R package version 2.1.1},
  url = {https://CRAN.R-project.org/package=tibble},
}
@Manual{R-tidyr,
  title = {tidyr: Easily Tidy Data with 'spread()' and 'gather()' Functions},
  author = {Hadley Wickham and Lionel Henry},
  year = {2019},
  note = {R package version 0.8.3},
  url = {https://CRAN.R-project.org/package=tidyr},
}
@Manual{R-tidyverse,
  title = {tidyverse: Easily Install and Load the 'Tidyverse'},
  author = {Hadley Wickham},
  year = {2017},
  note = {R package version 1.2.1},
  url = {https://CRAN.R-project.org/package=tidyverse},
}
@Manual{R-exactRankTests,
  title = {exactRankTests: Exact Distributions for Rank and Permutation Tests},
  author = {Torsten Hothorn and Kurt Hornik},
  year = {2019},
  note = {R package version 0.8-30},
  url = {https://CRAN.R-project.org/package=exactRankTests},
}
@Manual{R-ggpubr,
  title = {ggpubr: 'ggplot2' Based Publication Ready Plots},
  author = {Alboukadel Kassambara},
  year = {2019},
  note = {R package version 0.2.3},
  url = {https://CRAN.R-project.org/package=ggpubr},
}
@Manual{R-magrittr,
  title = {magrittr: A Forward-Pipe Operator for R},
  author = {Stefan Milton Bache and Hadley Wickham},
  year = {2014},
  note = {R package version 1.5},
  url = {https://CRAN.R-project.org/package=magrittr},
}
@Manual{R-lsr,
  title = {Learning statistics with R: A tutorial for psychology students and other beginners. (Version 0.5)},
  author = {Daniel Navarro},
  organization = {University of Adelaide},
  address = {Adelaide, Australia},
  year = {2015},
  note = {R package version 0.5},
  url = {http://ua.edu.au/ccs/teaching/lsr},
}
